
@misc{Wiki:Speech,
	author = {{Wikipedia}},
	title = {Rozpoznawanie mowy},
	type = {},
	institution = {},
	year = {2024},
	url = {https://pl.wikipedia.org/wiki/Rozpoznawanie_mowy}
}

@misc{Elektronika:Speech,
	author = {{Elektronika B2B}},
	title = {Rozpoznawanie mowy - techniki i zastosowania},
	type = {},
	institution = {},
	year = {2018},
	url = {https://elektronikab2b.pl/biznes/50090-rozpoznawanie-mowy-techniki-i-zastosowania}
}

@misc{Transcribe:Speech,
	author = {{Transcribe}},
	title = {Historia rozpoznawania mowy},
	type = {},
	institution = {},
	year = {2023},
	url = {https://transcribe.com/pl/blog/historia-rozpoznawania-mowy}
}

@misc{Ziolko:Speech,
	author = {{Bartosz Ziółko, Mariusz Ziółko}},
	title = {Przetwarzanie mowy},
	type = {},
	institution = {Kraków: Wydawnictwa AGH},
	year = {2011},
	note = {ISBN 978-83-7464-441-9. (pol.)}
}

@misc{JBL:Support,
	author = {{JBL}},
	title = {Can I use the Voice Assistants without internet?},
	type = {},
	institution = {JBL},
	year = {2011},
	url = {https://support.jbl.com/dk/da/howto/live-can-i-use-the-voice-assistants-without-internet-emea/000021139.html}
}

@misc{Google:Support,
	author = {{Google}},
	title = {No internet connection in google assistant.},
	type = {},
	institution = {Google},
	year = {},
	url = {https://support.google.com/assistant/thread/157262424/no-internet-connection-in-google-assisent-app?hl=en}
}

@misc{Google:Privacy,
	author = {{Google}},
	title = {Polityka prywatności asystenta Google},
	type = {},
	institution = {Google},
	year = {},
	url = {https://safety.google/intl/pl/assistant/}
}

@misc{LED:Speech,
	author = {{AkademiaLED}},
	title = {Sterowanie oświetleniem za pomocą głosu, bez połączenia z Internetem},
	type = {},
	institution = {},
	year = {2020},
	url = {https://akademialed.pl/sterowanie-oswietleniem-za-pomoca-glosu-bez-polaczenia-z-internetem/}
}

@misc{ecophon:speech,
	author = {{ecophon Saint-Gobain}},
	title = {Generowanie i rozumienie mowy},
	type = {},
	institution = {},
	year = {2020},
	url = {https://www.ecophon.com/pl/about-ecophon/acoustic-knowledge/basic-acoustics/generating-and-understanding-speech/}
}

@misc{48,
	author = {{Wikipedia}},
	title = {48,000 Hz},
	type = {},
	institution = {},
	year = {},
	url = {https://en.wikipedia.org/wiki/48,000_Hz}
}

@misc{dolnoprzepustowy,
	author = {{Uniwersytet Łódzki}},
	title = {Ćwiczenie 15},
	type = {},
	institution = {},
	year = {},
	url = {https://wp.wfis.uni.lodz.pl/kfcs/pdf/prel/cwiczenie15.pdf}
}

@misc{Wiki:FIR,
	author = {{Wikipedia}},
	title = {Filtr o skończonej odpowiedzi impulsowej},
	type = {},
	institution = {},
	year = {},
	url = {https://pl.wikipedia.org/wiki/Filtr_o_sko%C5%84czonej_odpowiedzi_impulsowej}
}



@misc{Wiki:MFCC,
	author = {{Wikipedia}},
	title = {Mel-frequency cepstrum},
	type = {},
	institution = {Wikipedia},
	year = {},
	url = {https://en.wikipedia.org/wiki/Mel-frequency_cepstrum}
}

@misc{Ekstrakcja,
	author = {{AppMaster}},
	title = {Ekstrakcja cech},
	type = {},
	institution = {AppMaster},
	year = {},
	url = {https://appmaster.io/pl/glossary/ekstrakcja-cech}
}

@misc{APD:PW,
	author = {{Janusz Rafałko}},
	title = {Współczynniki cepstralne},
	type = {},
	institution = {Politechnika Warszawska. MINI. Zakład Strukturalnych Metod Przetwarzania Wiedzy
	Wydział Matematyki i Nauk Informacyjnych},
	year = {},
	url = {https://pages.mini.pw.edu.pl/~rafalkoj/www/?download=APD%20-%20MFCC.pdf}
}

@misc{widmo_zgrubne,
	author = {{M. Kaniewska, A. Kupryjanow, K. Łopatka}},
	title = {Przetwarzanie mowy w czasie rzeczywistym},
	type = {},
	institution = {},
	year = {},
	url = {https://multimed.org/student/amowy/AM_14_przetwarzanie_mowy_w_casie_rzeczywistym.pdf}
}

@misc{CT:FFT,
	author = {{V. Hunter Adams}},
	title = {Understanding the Cooley-Tukey FFT},
	type = {},
	institution = {},
	year = {},
	url = {https://vanhunteradams.com/FFT/FFT.html}
}

@misc{Wiki:FFT,
	author = {{Wikipedia}},
	title = {Szybka transformacja Fouriera},
	type = {},
	institution = {},
	year = {},
	url = {https://pl.wikipedia.org/wiki/Szybka_transformacja_Fouriera}
}


@misc{Agh:Trans,
	author = {{Michał Marchewczyk}},
	title = {Transformacje},
	type = {},
	institution = {},
	year = {},
	url = {https://home.agh.edu.pl/~zobmat/2020/II_mich_mar/transformacje.html}
}

@misc{Przetwarzanie,
	author = {{M. Kaniewska, A. Kupryjanow, K. Łopatka}},
	title = {Przetwarzanie mowy w czasie rzeczywistym - widmo zgrubne, zasada nieoznaczności},
	type = {},
	institution = {},
	year = {},
	url = {https://multimed.org/student/amowy/AM_14_przetwarzanie_mowy_w_casie_rzeczywistym.pdf}
}

@misc{Wiki:Window,
	author = {{Wikipedia}},
	title = {Okno czasowe},
	type = {},
	institution = {},
	year = {},
	url = {https://pl.wikipedia.org/wiki/Okno_czasowe}
}

@misc{Opolska:Przeciek,
	author = {{Roland Pawliczek}},
	title = {Analiza sygnałów czasowych},
	type = {},
	institution = {Katedra mechaniki i podstaw konstrukcji maszyn, Politechnika Opolska},
	year = {2022},
	url = {https://pl.wikipedia.org/wiki/Okno_czasowe}
}

@misc{Wiki:MEL,
	author = {{Wikipedia}},
	title = {Mel (skala)},
	type = {},
	institution = {},
	year = {},
	url = {https://pl.wikipedia.org/wiki/Mel_(skala)}
}


@misc{Wiki:DCT,
	author = {{Wikipedia}},
	title = {Dyskretna transformacja kosinusowa},
	type = {},
	institution = {},
	year = {},
	url = {https://pl.wikipedia.org/wiki/Dyskretna_transformacja_kosinusowa}
}

@misc{Wiki:neuron,
	author = {{Wikipedia}},
	title = {Sieici neuronowe},
	type = {},
	institution = {},
	year = {},
	url = {https://pl.wikipedia.org/wiki/Sie%C4%87_neuronowa}
}

@misc{Build:pattern,
	author = {{Edoardo Romani}},
	title = {What Is Pattern Recognition?},
	type = {},
	institution = {},
	year = {2023},
	url = {https://builtin.com/data-science/pattern-recognition}
}

@misc{medium:pattern,
	author = {{Sumeet Lenka}},
	title = {What Is Pattern Recognition?},
	type = {},
	institution = {},
	journal = {Analytics Vidhya},
	year = {2020},
	url = {https://medium.com/analytics-vidhya/pattern-recognition-basics-1cd632138d39}
}

@misc{nadzor,
	author = {{mindbox}},
	title = {Uczenie nadzorowane i nienadzorowane — rodzaje nauczania maszynowego},
	type = {},
	institution = {},
	journal = {},
	year = {2022},
	url = {https://mindboxgroup.com/pl/uczenie-nadzorowane-i-nienadzorowane-rodzaje-nauczania-maszynowego/}
}

@misc{KNN:unite,
	author = {{Daniel Nelson}},
	title = {Co to jest KNN (K-najbliżsi sąsiedzi)?},
	type = {},
	institution = {},
	journal = {},
	year = {2020},
	url = {https://www.unite.ai/pl/co-to-jest-k-najbli%C5%BCszych-s%C4%85siad%C3%B3w/}
}

@misc{KNN:AGH,
	author = {{Adrian Horzyk}},
	title = {Klasyfikatory K Najbliższych Sąsiadów oraz ich wariacje},
	type = {},
	institution = {Akademia Górniczo-Hutnicza},
	journal = {},
	year = {},
	url = {https://home.agh.edu.pl/~horzyk/lectures/miw/SI-MIW-KNN+AGDS.pdf}
}


@misc{Arduino:Speech,
	author = {{Peter Balch }},
	title = {Speech Recognition With an Arduino Nano},
	type = {},
	institution = {},
	journal = {},
	year = {2020},
	url = {https://www.instructables.com/Speech-Recognition-With-an-Arduino-Nano/}
}

@misc{Oracle:IoT,
	author = {{Oracle}},
	title = {Co to jest IoT?},
	type = {},
	institution = {},
	journal = {},
	year = {2020},
	url = {https://www.oracle.com/pl/internet-of-things/what-is-iot/}
}

@misc{SpeechI,
	author = {{ElektronikaB2B}},
	title = {Interfejs użytkownika w aplikacjach IoT},
	type = {},
	institution = {},
	journal = {},
	year = {2017},
	url = {https://elektronikab2b.pl/technika/32368-interfejs-uzytkownika-w-aplikacjach-iot}
}

@misc{KomunikacjaIx,
	author = {{botlandblog}},
	title = {
	Rozmowy między maszynami – standardy komunikacji w ekosystemie IoT},
	type = {},
	institution = {},
	journal = {},
	year = {2023},
	url = {https://botland.com.pl/blog/rozmowy-miedzy-maszynami-standardy-komunikacji-w-ekosystemie-iot/}
}

@misc{Wiki:kompresja,
	author = {{Wikipedia}},
	title = {Kompresja stratna},
	type = {},
	institution = {},
	journal = {},
	year = {2023},
	url = {https://pl.wikipedia.org/wiki/Kompresja_stratna}
}

@misc{PGFFT,
	author = {{Grzegorz Szwoch}},
	title = {Analiza dźwiękóW muzycznych},
	type = {},
	institution = {Politechnika Gdańska, Katedra Systemów Multimedialnych},
	journal = {},
	year = {},
	url = {https://sound.eti.pg.gda.pl/student/akmuz/02-Analiza.pdf}
}

@misc{SpeechArduino,
	author = {{Peter Balch}},
	title = {Speech Recognition With an Arduino Nano},
	type = {},
	institution = {},
	journal = {},
	year = {2021},
	url = {https://www.instructables.com/Speech-Recognition-With-an-Arduino-Nano/}
}

@misc{Wiki:ZCR,
	author = {{Wikipedia}},
	title = {Zero-crossing rate},
	type = {},
	institution = {},
	journal = {},
	year = {2021},
	url = {https://en.wikipedia.org/wiki/Zero-crossing_rate}
}

@misc{Wiki:MEMS,
	author = {{Wikipedia}},
	title = {MEMS},
	type = {},
	institution = {},
	journal = {},
	year = {2021},
	url = {https://pl.wikipedia.org/wiki/Mikrouk%C5%82ad_elektromechaniczny}
}

@misc{Wiki:Circular,
	author = {{Wikipedia}},
	title = {Bufor cykliczny},
	type = {},
	institution = {},
	journal = {},
	year = {},
	url = {https://pl.wikipedia.org/wiki/Bufor_cykliczny}
}

@misc{Baza:Mowa,
	author = {{Pete Warden}},
	title = {Bufor cykliczny},
	type = {},
	institution = {Cornell University},
	journal = {},
	year = {},
	url = {https://arxiv.org/abs/1804.03209}
}

@misc{Skalowanie,
	author = {{Optyczne.pl}},
	title = {Interpolacja},
	type = {},
	institution = {},
	journal = {},
	year = {},
	url = {https://www.optyczne.pl/107-s%C5%82ownik-Interpolacja.html}
}                                             

@misc{Potokowanie,
	author = {{Valery Salauyou, Adam Klimowicz}},
	title = {Projektowanie systemów wbudowanych w układach FPGA},
	type = {},
	institution = {Politechnika Białystocka},
	journal = {},
	year = {},
	url = {https://pb.edu.pl/oficyna-wydawnicza/wp-content/uploads/sites/4/2022/11/Projektowanie-systemow-wbudowanych-w-ukladach-FPGA.pdf}
}     

@misc{IntelUFM,
	author = {{Intel}},
	title = {Intel® MAX® 10 User Flash Memory Overview},
	type = {},
	institution = {Intel},
	journal = {},
	year = {},
	url = {
	https://www.intel.com/content/www/us/en/docs/programmable/683180/18-0/user-flash-memory-overview.html}
}     

@misc{Intel:MAX,
	author = {{Intel}},
	title = {MAX® 10 FPGA},
	type = {},
	institution = {Intel},
	journal = {},
	year = {},
	url = {https://www.intel.com/content/www/us/en/products/details/fpga/max/10.html}
}     

@misc{Intel:AVMM,
	author = {{Intel}},
	title = {Avalon® Memory-Mapped Interfaces},
	type = {},
	institution = {Intel},
	journal = {},
	year = {},
	url = {https://www.intel.com/content/www/us/en/docs/programmable/683091/20-1/memory-mapped-interfaces.html}
}     


@misc{Sound,
	author = {{MegaAcoustic}},
	title = {Podstawowe informacje o dźwięku},
	type = {},
	institution = {},
	journal = {},
	year = {},
	url = {https://www.mega-acoustic.pl/podstawowe-informacje-o-dzwieku/}
}     



@misc{DzwiekiUcho,
	author = {{Centralny Instytut Ochrony Pracy}},
	title = {Rys. 7. Obszar dźwięków słyszalnych oraz obszary muzyki i mowy dla osoby ze słuchem prawidłowym},
	type = {},
	institution = {},
	journal = {},
	year = {},
	url = {https://m.ciop.pl/CIOPPortalWAR/appmanager/ciop/mobi?_nfpb=true&_pageLabel=P424002461497875434734&html_tresc_root_id=300007402&html_tresc_id=300007390&html_klucz=300007402&html_klucz_spis=}
}     


@misc{MFCC:Rys,
	author = {{Research Gate}},
	title = {The flow procedure of the MFCC feature extraction used in the study.},
	type = {},
	institution = {},
	journal = {},
	year = {},
	url = {https://www.researchgate.net/figure/The-flow-procedure-of-the-MFCC-feature-extraction-used-in-the-study_fig3_323799877}
}     

@misc{AGH:Okna,
	author = {{Weronika Labaj}},
	title = {Okna},
	type = {},
	institution = {Akademia Górniczo Hutnicza},
	journal = {},
	year = {},
	url = {https://brasil.cel.agh.edu.pl/~10swlabaj/fourier/okna.html}
}   

@misc{Pattern:ResearchGate,
	author = {{Hai Thanh Nguyen}},
	title = {The model for pattern recognition},
	type = {},
	institution = {},
	journal = {ResearchGate},
	year = {},
	url = {https://www.researchgate.net/figure/The-model-for-pattern-recognition-19-formalizes-the-design-of-recognition-systems-A_fig1_230688362}
}   

@misc{KWS,
	author = {{Stephen Evanczuk}},
	title = {Add High-Performance Speech Keyword Spotting to IoT Designs: Part 2 – Using MCUs},
	type = {},
	institution = {DigiKey's North America},
	journal = {},
	year = {2018},
	url = {https://www.digikey.pl/en/articles/add-high-performance-speech-keyword-spotting-to-iot-designs-part-2}
}   


@misc{FPGA:DIGIKEY,
	author = {{Stephen Evanczuk}},
	title = {Add High-Performance Speech Keyword Spotting to IoT Designs: Part 1 – Using FPGAs},
	type = {},
	institution = {DigiKey's North America},
	journal = {},
	year = {2018},
	url = {https://www.digikey.pl/en/articles/add-high-performance-speech-keyword-spotting-to-iot-designs-part-2}
}   


@misc{Intel:Recogn,
	author = {{Mohammed Rashad}},
	title = {FPGA-Speech-Recognition},
	type = {},
	institution = {GitHub},
	journal = {},
	year = {2018},
	url = {https://github.com/MohammedRashad/FPGA-Speech-Recognition}
}   

@misc{CNN,
	author = {{Wikipedia}},
	title = {Convolutional neural network},
	type = {},
	institution = {Wikipedia},
	journal = {},
	year = {},
	url = {https://en.wikipedia.org/wiki/Convolutional_neural_network}
}   

@misc{Spiral,
	author = {{Spiral}},
	title = {DFT/FFT IP Core Generator},
	type = {},
	institution = {Spiral},
	journal = {},
	year = {},
	url = {https://www.spiral.net/hardware/dftgen.html}
}  

@misc{Root,
	author = {{Project F}},
	title = {Square Root in Verilog},
	type = {},
	institution = {Project F},
	journal = {},
	year = {2020},
	url = {https://projectf.io/posts/square-root-in-verilog/}
}  

@misc{Wiki:CRC,
	author = {{Wikipedia}},
	title = {Cykliczny kod nadmiarowy},
	type = {},
	institution = {Wikipedia},
	journal = {},
	year = {},
	url = {https://pl.wikipedia.org/wiki/Cykliczny_kod_nadmiarowy}
}  

@misc{CRC32,
	author = {{D. Sheinwald, J. Satran, IBM, P. Thaler, V. Cavanna, Agilent}},
	title = {Internet Protocol Small Computer System Interface (iSCSI) Cyclic Redundancy Check (CRC)/Checksum Considerations},
	type = {},
	institution = {The Internet Society},
	journal = {},
	year = {2002},
	url = {https://datatracker.ietf.org/doc/html/rfc3385},
}  

@misc{CRC:gen,
	author = {{bues.ch}},
	title = {Generator for CRC HDL code},
	type = {},
	institution = {},
	journal = {},
	year = {},
	url = {https://bues.ch/cms/hacking/crcgen}
}  

@misc{karty:SD,
	author = {{Tomasz Jabłoński, EP}},
	title = {Prosty system plików dla kart MMC/SD},
	type = {},
	institution = {},
	journal = {},
	year = {},
	url = {https://ep.com.pl/files/3848.pdf}
}  

@misc{karty:EMMC,
	author = {{Kingston}},
	title = {Szacowanie, weryfikacja i monitorowanie cyklu życia pamięci eMMC},
	type = {},
	institution = {},
	journal = {},
	year = {2023},
	url = {https://www.kingston.com/pl/blog/embedded-and-industrial/emmc-lifecycle}
}  

@misc{FIFO:source,
	author = {{VLSI:Verify}},
	title = {Synchronous FIFO},
	type = {},
	institution = {},
	journal = {},
	year = {},
	url = {https://vlsiverify.com/verilog/verilog-codes/synchronous-fifo/}
}  

@misc{RoundRobin,
	author = {{Wikipedia}},
	title = {Round robin},
	type = {},
	institution = {},
	journal = {},
	year = {},
	url = {https://pl.wikipedia.org/wiki/Round_robin}
}  

@misc{PDes,
	author = {{Intel}},
	title = {Platform Designer},
	type = {},
	institution = {},
	journal = {},
	year = {},
	url = {https://www.intel.com/content/www/us/en/software/programmable/quartus-prime/qts-platform-designer.html}
}  


@misc{karta::SD,
	author = {{Wikipedia}},
	title = {Secure Digital},
	type = {},
	institution = {},
	journal = {},
	year = {},
	url = {https://pl.wikipedia.org/wiki/Secure_Digital}
}  

@misc{Nagrania,
	author = {{ttsmaker.com}},
	title = {TTS maker},
	type = {},
	institution = {},
	journal = {},
	year = {},
	url = {https://ttsmaker.com/}
}  

@msic{FAT32,
	author = {{Wikipedia}},
	title = {FAT32},
	type = {},
	institution = {},
	journal = {},
	year = {},
	url = {https://pl.wikipedia.org/wiki/FAT32}
}  


@msic{HxD,
	author = {{mh-nexus}},
	title = {HxD - Freeware Hex Editor and Disk Editor},
	type = {},
	institution = {},
	journal = {},
	year = {},
	url = {https://mh-nexus.de/en/hxd/}
}  

@msic{Base64,
	author = {{Wikipedia}},
	title = {Base64},
	type = {},
	institution = {},
	journal = {},
	year = {},
	url = {https://en.wikipedia.org/wiki/Base64}
}  


@msic{Division,
	author = {{ProjectF}},
	title = {Division in Verilog},
	type = {},
	institution = {},
	journal = {},
	year = {2020},
	url = {https://projectf.io/posts/division-in-verilog/}
}  

@msic{Sqrt,
	author = {{ProjectF}},
	title = {Square root in Verilog},
	type = {},
	institution = {},
	journal = {},
	year = {2020},
	url = {https://projectf.io/posts/square-root-in-verilog/}
}  

@msic{HM10,
	author = {{}},
	title = {Bluetooth 4.0 BLE module Datasheet V303},
	type = {},
	institution = {},
	journal = {},
	year = {},
	url = {https://botland.com.pl/index.php?controller=attachment&id_attachment=1893}
}  

@msic{Microphone,
	author = {{MEMSensing Microsystems (Suzhou China) Co., Ltd.}},
	title = {MSM261S4030H0R I2S digital output MEMS microphone with Multi‐modes},
	type = {},
	institution = {},
	journal = {},
	year = {2017},
	url = {https://www.denovocn.com/sites/default/files/MSM261S4030H0R.pdf}
} 

@msic{Button,
	author = {{Botland}},
	title = {Przycisk dotykowy - Iduino ME130},
	type = {},
	institution = {},
	journal = {},
	year = {2017},
	url = {https://botland.com.pl/przyciski-dotykowe-i-pojemnosciowe/14269-przycisk-dotykowy-iduino-me130-5903351242370.html}
} 

@msic{MEMS,
	author = {{Wikipedia}},
	title = {MEMS},
	type = {},
	institution = {},
	journal = {},
	year = {},
	url = {https://en.wikipedia.org/wiki/MEMS} 
}

@msic{Distance,
	author = {{Cytron Technologies}},
	title = {User's Manual V1.0 September 2012},
	type = {},
	institution = {},
	journal = {},
	year = {},
	url = {https://botland.com.pl/index.php?controller=attachment&id_attachment=476}
} 

@msic{Shield,
	author = {{Waveshare}},
	title = {Micro SD Storage Board},
	type = {},
	institution = {},
	journal = {},
	year = {},
	url = {https://www.waveshare.com/wiki/Micro_SD_Storage_Board}
} 

@msic{DE10L,
	author = {{terrasIC}},
	title = {DE10 Lite Manual},
	type = {},
	institution = {},
	journal = {},
	year = {2016},
	url = {https://ftp.intel.com/Public/Pub/fpgaup/pub/Intel_Material/Boards/DE10-Lite/DE10_Lite_User_Manual.pdf}
} 

@msic{FIRDesign,
	author = {{TomRoelandts.com}},
	title = {FIIIR! - Design FIR and IIR Filters - From TomRoelandts.com},
	type = {},
	institution = {},
	journal = {},
	year = {},
	url = {https://fiiir.com/}
} 

@msic{Sig:Sig,
	author = {{fpga4fun.com}},
	title = {First-order sigma-delta modulator},
	type = {},
	institution = {},
	journal = {},
	year = {},
	url = {https://www.fpga4fun.com/PWM_DAC_2.html}
} 

@msic{Wiki:I2S,
	author = {{Wikipedia}},
	title = {Inter-IC Sound},
	type = {},
	institution = {},
	journal = {},
	year = {},
	url = {https://pl.wikipedia.org/wiki/I%C2%B2S}
} 

@msic{Wiki:PWM,
	author = {{Wikipedia}},
	title = {Pulse-width modulation},
	type = {},
	institution = {},
	journal = {},
	year = {},
	url = {https://en.wikipedia.org/wiki/Pulse-width_modulation}
} 


@msic{Wiki:Sigma,
	author = {{Wikipedia}},
	title = {Modulacja delta-sigma},
	type = {},
	institution = {},
	journal = {},
	year = {},
	url = {https://pl.wikipedia.org/wiki/Modulacja_delta-sigma}
} 

@msic{SigmaDeltaI,
	author = {{fpga4fun}},
	title = {PWM DAC 2 - First-order sigma-delta modulator},
	type = {},
	institution = {},
	journal = {},
	year = {},
	url = {https://www.fpga4fun.com/PWM_DAC_2.html}
} 

@msic{CF,
	author = {{Wikipedia}},
	title = {CompactFlash},
	type = {},
	institution = {},
	journal = {},
	year = {},
	url = {https://en.wikipedia.org/wiki/CompactFlash}
} 


@msic{tinyML,
	author = {{Y. Abadade, Anas Temouden, Hatim Bamoumen 2, Nabil Benamar,Yousra Chtouki, Abdelhakim Senhaji Hafid}},
	title = {A Comprehensive Survey on TinyML},
	type = {},
	institution = {IEEE},
	journal = {IEEE Access},
	year = {2017},
	url = {https://en.wikipedia.org/wiki/CompactFlash}
} 


@msic{SDA,
	author = {{Technical Comitette SD Card Association}},
	title = {SD Specifications Part 1 Physical Layer Simplified Specification},
	type = {},
	institution = {SD Associtation},
	journal = {},
	year = {2023},
	url = {https://www.sdcard.org/downloads/pls/pdf/?p=Part1_Physical_Layer_Simplified_Specification_Ver9.10.jpg&f=Part1PhysicalLayerSimplifiedSpecificationVer9.10Fin_20231201.pdf&e=EN_SS9_1}
}

